@misc{ wiki:001,
  author = {{Batcher odd–even mergesort}},
  title = "Batcher odd–even mergesort --- {W}ikipedia{,} The Free Encyclopedia",
  year = "2022",
  url = "https://en.wikipedia.org/w/index.php?title=Batcher_odd%E2%80%93even_mergesort&oldid=1090174476",
  note = "[Online; accessed 07-December-2022]"
}
@misc{ wiki:002,
  author = {{Bitonic sorter}},
  title = "Bitonic sorter --- {W}ikipedia{,} The Free Encyclopedia",
  year = "2022",
  url = "https://en.wikipedia.org/w/index.php?title=Bitonic_sorter&oldid=1123626548",
  note = "[Online; accessed 07-December-2022]"
}
@article{art1,
    author  = "K.E. Batcher",
    title   = "Sorting Networks and their Applications",
    year    = "1968",
    journal = "Proc. AFIPS Spring Joint Comput. Conf.",
    volume  = "32",
    pages   = "307-314"
}